@inproceedings{Christakis2016,
 author = {Christakis, Maria and M\"{u}ller, Peter and W\"{u}stholz, Valentin},
 title = {Guiding Dynamic Symbolic Execution Toward Unverified Program Executions},
 booktitle = {Proceedings of the 38th International Conference on Software Engineering},
 series = {ICSE '16},
 year = {2016},
 isbn = {978-1-4503-3900-1},
 location = {Austin, Texas},
 pages = {144--155},
 numpages = {12},
 url = {http://doi.acm.org/10.1145/2884781.2884843},
 doi = {10.1145/2884781.2884843},
 acmid = {2884843},
 publisher = {ACM},
 address = {New York, NY, USA},
} 


@inproceedings{Le2013,
 author = {Le, Wei},
 title = {Segmented Symbolic Analysis},
 booktitle = {Proceedings of the 2013 International Conference on Software Engineering},
 series = {ICSE '13},
 year = {2013},
 isbn = {978-1-4673-3076-3},
 location = {San Francisco, CA, USA},
 pages = {212--221},
 numpages = {10},
 url = {http://dl.acm.org/citation.cfm?id=2486788.2486817},
 acmid = {2486817},
 publisher = {IEEE Press},
 address = {Piscataway, NJ, USA},
} 

@article{DSD-Crasher,
 author = {Csallner, Christoph and Smaragdakis, Yannis and Xie, Tao},
 title = {DSD-Crasher : A Hybrid Analysis Tool for Bug Finding},
 journal = {ACM Trans. Softw. Eng. Methodol.},
 issue_date = {April 2008},
 volume = {17},
 number = {2},
 month = may,
 year = {2008},
 issn = {1049-331X},
 pages = {8:1--8:37},
 articleno = {8},
 numpages = {37},
 url = {http://doi.acm.org/10.1145/1348250.1348254},
 doi = {10.1145/1348250.1348254},
 acmid = {1348254},
 publisher = {ACM},
 address = {New York, NY, USA},
 keywords = {Automatic testing, bug finding, dynamic analysis, dynamic invariant detection, extended static checking, false positives, static analysis, test case generation, usability},
} 

@inproceedings{Palus,
 author = {Zhang, Sai and Saff, David and Bu, Yingyi and Ernst, Michael D.},
 title = {Combined Static and Dynamic Automated Test Generation},
 booktitle = {Proceedings of the 2011 International Symposium on Software Testing and Analysis},
 series = {ISSTA '11},
 year = {2011},
 isbn = {978-1-4503-0562-4},
 location = {Toronto, Ontario, Canada},
 pages = {353--363},
 numpages = {11},
 url = {http://doi.acm.org/10.1145/2001420.2001463},
 doi = {10.1145/2001420.2001463},
 acmid = {2001463},
 publisher = {ACM},
 address = {New York, NY, USA},
 keywords = {automated test generation, dynamic analyses, static},
} 


@inproceedings{Ernst2003,
  title={Static and dynamic analysis: Synergy and duality},
  author={Ernst, Michael D},
  booktitle={WODA 2003: ICSE Workshop on Dynamic Analysis},
  pages={24--27},
  year={2003}
}

@inproceedings{Siek07,
 author = {Siek, Jeremy and Taha, Walid},
 title = {Gradual Typing for Objects},
 booktitle = {Proceedings of the 21st European Conference on Object-Oriented Programming},
 year = {2007},
 series = {ECOOP '07},
 isbn = {978-3-540-73588-5},
 location = {Berlin, Germany},
 pages = {2--27},
 numpages = {26},
 url = {http://dx.doi.org/10.1007/978-3-540-73589-2_2},
 doi = {10.1007/978-3-540-73589-2_2},
 acmid = {1420964},
 publisher = {Springer-Verlag},
 address = {Berlin, Heidelberg},
}

@inproceedings{Flanagan06,
 author = {Flanagan, Cormac},
 title = {Hybrid Type Checking},
 booktitle = {Conference Record of the 33rd ACM SIGPLAN-SIGACT Symposium on Principles of Programming Languages},
 year = {2006},
 series = {POPL '06},
 isbn = {1-59593-027-2},
 location = {Charleston, South Carolina, USA},
 pages = {245--256},
 numpages = {12},
 url = {http://doi.acm.org/10.1145/1111037.1111059},
 doi = {10.1145/1111037.1111059},
 acmid = {1111059},
 publisher = {ACM},
 address = {New York, NY, USA},
 keywords = {contracts, dynamic checking, static checking, type systems},
}

@inproceedings{Harper95,
 author = {Harper, Robert and Morrisett, Greg},
 title = {Compiling Polymorphism Using Intensional Type Analysis},
 booktitle = {Proceedings of the Symposium on Principles of Programming Languages},
 year = {1995},
 series = {POPL '95},
 isbn = {0-89791-692-1},
 location = {San Francisco, California, USA},
 pages = {130--141},
 numpages = {12},
 url = {http://doi.acm.org/10.1145/199448.199475},
 doi = {10.1145/199448.199475},
 acmid = {199475},
 publisher = {ACM},
 address = {New York, NY, USA},
}

@inproceedings{Crary98,
 author = {Crary, Karl and Weirich, Stephanie and Morrisett, Greg},
  title = {Intensional Polymorphism in Type-erasure Semantics},
   booktitle = {Proceedings of the International Conference on Functional Programming},
    year = {1998},
}
