@inproceedings{hong2012green,
 author = {Hong, Sungpack and Chafi, Hassan and Sedlar, Edic and Olukotun, Kunle},
 title = {Green-Marl: A {DSL} for Easy and Efficient Graph Analysis},
 booktitle = {Proceedings of the Seventeenth International Conference on Architectural Support for Programming Languages and Operating Systems},
 series = {ASPLOS XVII},
 year = {2012},
 isbn = {978-1-4503-0759-8},
 location = {London, England, UK},
 pages = {349--362},
 numpages = {14},
 url = {http://doi.acm.org/10.1145/2150976.2151013},
 doi = {10.1145/2150976.2151013},
 acmid = {2151013},
 publisher = {ACM},
 address = {New York, NY, USA},
 keywords = {domain-specific language, graph, parallel programming},
} 

@inproceedings{malewicz2010pregel,
 author = {Malewicz, Grzegorz and Austern, Matthew H. and Bik, Aart J.C and Dehnert, James C. and Horn, Ilan and Leiser, Naty and Czajkowski, Grzegorz},
 title = {Pregel: A System for Large-scale Graph Processing},
 booktitle = {Proceedings of the 2010 ACM SIGMOD International Conference on Management of Data},
 series = {SIGMOD '10},
 year = {2010},
 isbn = {978-1-4503-0032-2},
 location = {Indianapolis, Indiana, USA},
 pages = {135--146},
 numpages = {12},
 url = {http://doi.acm.org/10.1145/1807167.1807184},
 doi = {10.1145/1807167.1807184},
 acmid = {1807184},
 publisher = {ACM},
 address = {New York, NY, USA},
 keywords = {distributed computing, graph algorigthms},
} 

@inproceedings{atkinson2001implementation,
 author = {Atkinson, Darren C. and Griswold, William G.},
 title = {Implementation Techniques for Efficient Data-Flow Analysis of Large Programs},
 booktitle = {Proceedings of the IEEE International Conference on Software Maintenance (ICSM'01)},
 series = {ICSM '01},
 year = {2001},
 isbn = {0-7695-1189-9},
 pages = {52--},
 url = {http://dx.doi.org/10.1109/ICSM.2001.972711},
 doi = {10.1109/ICSM.2001.972711},
 acmid = {848707},
 publisher = {IEEE Computer Society},
 address = {Washington, DC, USA},
 keywords = {program slicing, data-flow analysis, program understanding},
} 

@article{gregor2005parallel,
  title={The parallel {BGL}: A generic library for distributed graph computations},
  author={Gregor, Douglas and Lumsdaine, Andrew},
  journal={Parallel Object-Oriented Scientific Computing (POOSC)},
  volume={2},
  pages={1--18},
  year={2005},
  publisher={Citeseer}
}

@inproceedings{bader2008snap,
author={D. A. Bader and K. Madduri}, 
booktitle={2008 IEEE International Symposium on Parallel and Distributed Processing}, 
title={{SNAP}, Small-world Network Analysis and Partitioning: An open-source parallel graph framework for the exploration of large-scale networks}, 
year={2008}, 
pages={1-12}, 
keywords={complex networks;computer network management;graph theory;large-scale systems;network theory (graphs);aggressive algorithm engineering;clustering quality;divisive clustering;graph-theoretic kernel;large-scale network;modular graph kernel;open-source parallel graph framework;parallel community detection algorithm;shared memory multicore;skewed degree distribution;small-world network analysis and partitioning;social network analysis;sparse connectivity;symmetric multiprocessor system;topological analysis metrics;Algorithm design and analysis;Clustering algorithms;Design optimization;Detection algorithms;Kernel;Large-scale systems;Multicore processing;Open source software;Performance analysis;Social network services}, 
doi={10.1109/IPDPS.2008.4536261}, 
ISSN={1530-2075}, 
month={April},}

@inproceedings{dyer2013boa,
 author = {Dyer, Robert and Nguyen, Hoan Anh and Rajan, Hridesh and Nguyen, Tien N.},
 title = {Boa: A Language and Infrastructure for Analyzing Ultra-large-scale Software Repositories},
 booktitle = {Proceedings of the 2013 International Conference on Software Engineering},
 series = {ICSE '13},
 year = {2013},
 isbn = {978-1-4673-3076-3},
 location = {San Francisco, CA, USA},
 pages = {422--431},
 numpages = {10},
 url = {http://dl.acm.org/citation.cfm?id=2486788.2486844},
 acmid = {2486844},
 publisher = {IEEE Press},
 address = {Piscataway, NJ, USA},
} 

%% Motivation and introduction related works begins %%%%
@inproceedings{boa,
  author = {Dyer, Robert and Nguyen, Hoan Anh and Rajan, Hridesh and Nguyen, Tien N.},
  title = {{Boa: A Language and Infrastructure for Analyzing Ultra-Large-Scale Software Repositories}},
  booktitle = {ICSE'13},
  pages = {422--431},
  year = {2013},
  numpages = {10},
  publisher = {IEEE Press},
}

@article{Bajracharya-etal-04,
 author = {Bajracharya, Sushil and Ossher, Joel and Lopes, Cristina},
 title = {Sourcerer: An Infrastructure for Large-scale Collection and Analysis of Open-source Code},
 journal = {Sci. Comput. Program.},
 issue_date = {January, 2014},
 volume = {79},
 month = jan,
 year = {2014},
 issn = {0167-6423},
 pages = {241--259},
 numpages = {19},
 url = {http://dx.doi.org/10.1016/j.scico.2012.04.008},
 doi = {10.1016/j.scico.2012.04.008},
 acmid = {2537326},
 publisher = {Elsevier North-Holland, Inc.},
 address = {Amsterdam, The Netherlands, The Netherlands},
 keywords = {Data mining, Internet-scale code retrieval, Open source, Software information retrieval, Sourcerer, Static analysis},
} 

@inproceedings{Gousi13,
 author = {Gousios, Georgios},
 title = {The GHTorent Dataset and Tool Suite},
 booktitle = {Proceedings of the 10th Working Conference on Mining Software Repositories},
 series = {MSR '13},
 year = {2013},
 isbn = {978-1-4673-2936-1},
 location = {San Francisco, CA, USA},
 pages = {233--236},
 numpages = {4},
 url = {http://dl.acm.org/citation.cfm?id=2487085.2487132},
 acmid = {2487132},
 publisher = {IEEE Press},
 address = {Piscataway, NJ, USA},
} 

@article{cooper2002iterative,
  title={Iterative dataflow analysis, revisited},
  author={Cooper, Keith D and Harvey, Timothy J and Kennedy, Ken},
  journal={Proceedings of the (PLDIâ€™02)},
  pages={45},
  year={2002}
}

@inproceedings{kildall1973unified,
 author = {Kildall, Gary A.},
 title = {A Unified Approach to Global Program Optimization},
 booktitle = {Proceedings of the 1st Annual ACM SIGACT-SIGPLAN Symposium on Principles of Programming Languages},
 series = {POPL '73},
 year = {1973},
 location = {Boston, Massachusetts},
 pages = {194--206},
 numpages = {13},
 url = {http://doi.acm.org/10.1145/512927.512945},
 doi = {10.1145/512927.512945},
 acmid = {512945},
 publisher = {ACM},
 address = {New York, NY, USA},
} 

@inproceedings{blackburn2006dacapo,
 author = {Blackburn, Stephen M. and Garner, Robin and Hoffmann, Chris and Khang, Asjad M. and McKinley, Kathryn S. and Bentzur, Rotem and Diwan, Amer and Feinberg, Daniel and Frampton, Daniel and Guyer, Samuel Z. and Hirzel, Martin and Hosking, Antony and Jump, Maria and Lee, Han and Moss, J. Eliot B. and Phansalkar, Aashish and Stefanovi\'{c}, Darko and VanDrunen, Thomas and von Dincklage, Daniel and Wiedermann, Ben},
 title = {The {DaCapo} Benchmarks: Java Benchmarking Development and Analysis},
 booktitle = {Proceedings of the 21st Annual ACM SIGPLAN Conference on Object-oriented Programming Systems, Languages, and Applications},
 series = {OOPSLA '06},
 year = {2006},
 isbn = {1-59593-348-4},
 location = {Portland, Oregon, USA},
 pages = {169--190},
 numpages = {22},
 url = {http://doi.acm.org/10.1145/1167473.1167488},
 doi = {10.1145/1167473.1167488},
 acmid = {1167488},
 publisher = {ACM},
 address = {New York, NY, USA},
 keywords = {DaCapo, Java, SPEC, benchmark, methodology},
} 


@inproceedings{allen1970control,
  title={Control flow analysis},
  author={Allen, Frances E},
  booktitle={ACM Sigplan Notices},
  volume={5},
  number={7},
  pages={1--19},
  year={1970},
  organization={ACM}
}

@article{ottenstein1978data,
  title={Data-flow graphs as an intermediate program form.},
  author={Ottenstein, Karl Joseph},
  year={1978},
  publisher={Purdue University}
}

@book{ottenstein1981intermediate,
  title={An intermediate program form based on a cyclic data-dependency graph},
  author={Ottenstein, Karl J},
  year={1981},
  publisher={Michigan Technological University. Department of Mathematical and Computer Science}
}

@article{graham1976fast,
  title={A fast and usually linear algorithm for global flow analysis},
  author={Graham, Susan L and Wegman, Mark},
  journal={Journal of the ACM (JACM)},
  volume={23},
  number={1},
  pages={172--202},
  year={1976},
  publisher={ACM}
}

@book{hecht1977flow,
  title={Flow analysis of computer programs},
  author={Hecht, Matthew S},
  year={1977},
  publisher={Elsevier Science Inc.}
}

@article{bajracharya2014sourcerer,
  title={Sourcerer: An infrastructure for large-scale collection and analysis of open-source code},
  author={Bajracharya, Sushil and Ossher, Joel and Lopes, Cristina V.},
  journal={Science of Computer Programming},
  volume={79},
  pages={241--259},
  year={2014},
  publisher={Elsevier}
}

@inproceedings{bevan2005facilitating,
  title={Facilitating software evolution research with kenyon},
  author={Bevan, Jennifer and Whitehead Jr, E James and Kim, Sunghun and Godfrey, Michael},
  booktitle={ACM SIGSOFT Software Engineering Notes},
  volume={30},
  number={5},
  pages={177--186},
  year={2005},
  organization={ACM}
}

@inproceedings{ducasse2005moose,
  title={Moose: an agile reengineering environment},
  author={Ducasse, St{\'e}phane and G{\^\i}rba, Tudor and Nierstrasz, Oscar},
  booktitle={ACM SIGSOFT Software Engineering Notes},
  volume={30},
  number={5},
  pages={99--102},
  year={2005},
  organization={ACM}
}

@inproceedings{gousios2009alitheia,
  title={Alitheia core: An extensible software quality monitoring platform},
  author={Gousios, Georgios and Spinellis, Diomidis},
  booktitle={Proceedings of the 31st International Conference on Software Engineering},
  pages={579--582},
  year={2009},
  organization={IEEE Computer Society}
}

@inproceedings{gousios2012ghtorrent,
  title={GHTorrent: GitHub's data from a firehose},
  author={Gousios, Georgios and Spinellis, Diomidis},
  booktitle={Mining software repositories (msr), 2012 9th ieee working conference on},
  pages={12--21},
  year={2012},
  organization={IEEE}
}

@inproceedings{thummalapenta2009alattin,
  title={Alattin: Mining alternative patterns for detecting neglected conditions},
  author={Thummalapenta, Suresh and Xie, Tao},
  booktitle={Proceedings of the 2009 IEEE/ACM International Conference on Automated Software Engineering},
  pages={283--294},
  year={2009},
  organization={IEEE Computer Society}
}

@article{li2006cp,
  title={CP-Miner: Finding copy-paste and related bugs in large-scale software code},
  author={Li, Zhenmin and Lu, Shan and Myagmar, Suvda and Zhou, Yuanyuan},
  journal={IEEE Transactions on software Engineering},
  volume={32},
  number={3},
  pages={176--192},
  year={2006},
  publisher={IEEE}
}

@inproceedings{li2005pr,
  title={PR-Miner: automatically extracting implicit programming rules and detecting violations in large software code},
  author={Li, Zhenmin and Zhou, Yuanyuan},
  booktitle={ACM SIGSOFT Software Engineering Notes},
  volume={30},
  number={5},
  pages={306--315},
  year={2005},
  organization={ACM}
}

@article{liu2009software,
  title={Software Library Usage Pattern Extraction Using Asoftware Model Checker},
  author={Liu, Chang and Ye, En and Richardson, Debra J},
  journal={International Journal of Computers and Applications},
  volume={31},
  number={4},
  pages={247--259},
  year={2009},
  publisher={Taylor \& Francis}
}

@inproceedings{wasylkowski2007detecting,
  title={Detecting object usage anomalies},
  author={Wasylkowski, Andrzej and Zeller, Andreas and Lindig, Christian},
  booktitle={Proceedings of the the 6th joint meeting of the European software engineering conference and the ACM SIGSOFT symposium on The foundations of software engineering},
  pages={35--44},
  year={2007},
  organization={ACM}
}

@inproceedings{ramanathan-pldi2007,
 author = {Ramanathan, Murali Krishna and Grama, Ananth and Jagannathan, Suresh},
 title = {Static Specification Inference Using Predicate Mining},
 booktitle = {Proceedings of the 28th ACM SIGPLAN Conference on Programming Language Design and Implementation},
 series = {PLDI '07},
 year = {2007},
 isbn = {978-1-59593-633-2},
 location = {San Diego, California, USA},
 pages = {123--134},
 numpages = {12},
 url = {http://doi.acm.org/10.1145/1250734.1250749},
 doi = {10.1145/1250734.1250749},
 acmid = {1250749},
 publisher = {ACM},
 address = {New York, NY, USA},
 keywords = {preconditions, predicate mining, program analysis, specification inference},
} 

@inproceedings{nguyen2014mining,
  title={Mining preconditions of APIs in large-scale code corpus},
  author={Nguyen, Hoan Anh and Dyer, Robert and Nguyen, Tien N and Rajan, Hridesh},
  booktitle={Proceedings of the 22nd ACM SIGSOFT International Symposium on Foundations of Software Engineering},
  pages={166--177},
  year={2014},
  organization={ACM}
}

@article{zhong2009mapo,
  title={MAPO: Mining and recommending API usage patterns},
  author={Zhong, Hao and Xie, Tao and Zhang, Lu and Pei, Jian and Mei, Hong},
  journal={ECOOP 2009--Object-Oriented Programming},
  pages={318--343},
  year={2009},
  publisher={Springer}
}

@book{programanalysis,
 author = {Nielson, Flemming and Nielson, Hanne R. and Hankin, Chris},
 title = {Principles of Program Analysis},
 year = {2010},
 isbn = {3642084745, 9783642084744},
 publisher = {Springer Publishing Company, Incorporated},
}

@book{compilers,
 author = {Aho, Alfred V. and Lam, Monica S. and Sethi, Ravi and Ullman, Jeffrey D.},
 title = {Compilers: Principles, Techniques, and Tools (2Nd Edition)},
 year = {2006},
 isbn = {0321486811},
 publisher = {Addison-Wesley Longman Publishing Co., Inc.},
 address = {Boston, MA, USA},
} 

@Misc{dominators,
  title = 	 {{Dominator (graph theory) Wikipedia.}},
  howpublished = {\url{https://en.wikipedia.org/wiki/Dominator_(graph_theory)}},
}

@Misc{localmayalias-code,
  author = 	 {},
  title = 	 {{Soot Local May Alias Analysis}},
  howpublished = {\url{https://github.com/Sable/soot}},
}


% elimination method
@article{elimination-method,
 author = {Ryder, Barbara G. and Paull, Marvin C.},
 title = {{Elimination Algorithms for Data Flow Analysis}},
 journal = {ACM Comput. Surv.},
 issue_date = {Sept. 1986},
 volume = {18},
 number = {3},
 month = sep,
 year = {1986},
 issn = {0360-0300},
 pages = {277--316},
 numpages = {40},
 url = {http://doi.acm.org/10.1145/27632.27649},
 doi = {10.1145/27632.27649},
 acmid = {27649},
 publisher = {ACM},
 address = {New York, NY, USA},
} 

@article{nodelisting1,
 author = {K. W. Kennedy},
 title = {{ Node listings applied to data flow analysis}},
 journal = {Proceedings of 2nd ACM Symp. on Principles of Programming Languages},
 year = {1975},
 pages = {10--21},
 publisher = {ACM},
 address = {New York, NY, USA},
} 

@article{nodelisting2,
title = {{Node listings for reducible flow graphs}},
journal = {Journal of Computer and System Sciences},
volume = {13},
number = {3},
pages = {286 - 299},
year = {1976},
issn = {0022-0000},
doi = {http://dx.doi.org/10.1016/S0022-0000(76)80042-6},
url = {http://www.sciencedirect.com/science/article/pii/S0022000076800426},
author = {A.V. Aho and J.D. Ullman}
}

@inproceedings{tok-etal,
 author = {Tok, Teck Bok and Guyer, Samuel Z. and Lin, Calvin},
 title = {{Efficient Flow-sensitive Interprocedural Data-flow Analysis in the Presence of Pointers}},
 booktitle = {Proceedings of the 15th International Conference on Compiler Construction},
 series = {CC'06},
 year = {2006},
 isbn = {3-540-33050-X, 978-3-540-33050-9},
 location = {Vienna, Austria},
 pages = {17--31},
 numpages = {15},
 url = {http://dx.doi.org/10.1007/11688839_3},
 doi = {10.1007/11688839_3},
 acmid = {2182108},
 publisher = {Springer-Verlag},
 address = {Berlin, Heidelberg},
} 

@inproceedings{cobleigh-etal,
 author = {Cobleigh, Jamieson M. and Clarke, Lori A. and Osterweil, Leon J.},
 title = {{The Right Algorithm at the Right Time: Comparing Data Flow Analysis Algorithms for Finite State Verification}},
 booktitle = {Proceedings of the 23rd International Conference on Software Engineering},
 series = {ICSE '01},
 year = {2001},
 isbn = {0-7695-1050-7},
 location = {Toronto, Ontario, Canada},
 pages = {37--46},
 numpages = {10},
 url = {http://dl.acm.org/citation.cfm?id=381473.381477},
 acmid = {381477},
 publisher = {IEEE Computer Society},
 address = {Washington, DC, USA},
} 

@inproceedings{hind-pioli,
 author = {Hind, Michael and Pioli, Anthony},
 title = {{Assessing the Effects of Flow-Sensitivity on Pointer Alias Analyses}},
 booktitle = {Proceedings of the 5th International Symposium on Static Analysis},
 series = {SAS '98},
 year = {1998},
 isbn = {3-540-65014-8},
 pages = {57--81},
 numpages = {25},
 url = {http://dl.acm.org/citation.cfm?id=647167.717992},
 acmid = {717992},
 publisher = {Springer-Verlag},
 address = {London, UK, UK},
} 

@inproceedings{horwitz-etal,
 author = {Horwitz, Susan and Reps, Thomas and Sagiv, Mooly},
 title = {{Demand Interprocedural Dataflow Analysis}},
 booktitle = {Proceedings of the 3rd ACM SIGSOFT Symposium on Foundations of Software Engineering},
 series = {SIGSOFT '95},
 year = {1995},
 isbn = {0-89791-716-2},
 location = {Washington, D.C., USA},
 pages = {104--115},
 numpages = {12},
 url = {http://doi.acm.org/10.1145/222124.222146},
 doi = {10.1145/222124.222146},
 acmid = {222146},
 publisher = {ACM},
 address = {New York, NY, USA},
} 

@article{wegman-etal,
 author = {Wegman, Mark N. and Zadeck, F. Kenneth},
 title = {Constant Propagation with Conditional Branches},
 journal = {ACM Trans. Program. Lang. Syst.},
 issue_date = {April 1991},
 volume = {13},
 number = {2},
 month = apr,
 year = {1991},
 issn = {0164-0925},
 pages = {181--210},
 numpages = {30},
 url = {http://doi.acm.org/10.1145/103135.103136},
 doi = {10.1145/103135.103136},
 acmid = {103136},
 publisher = {ACM},
 address = {New York, NY, USA},
 keywords = {abstract interpretation, code optimization, constant propagation, control flow graph, interprocedural analysis, procedure integration, static single assignment form, type determination},
} 

@inproceedings{yang-icse2006,
 author = {Yang, Jinlin and Evans, David and Bhardwaj, Deepali and Bhat, Thirumalesh and Das, Manuvir},
 title = {Perracotta: Mining Temporal API Rules from Imperfect Traces},
 booktitle = {Proceedings of the 28th International Conference on Software Engineering},
 series = {ICSE '06},
 year = {2006},
 isbn = {1-59593-375-1},
 location = {Shanghai, China},
 pages = {282--291},
 numpages = {10},
 url = {http://doi.acm.org/10.1145/1134285.1134325},
 doi = {10.1145/1134285.1134325},
 acmid = {1134325},
 publisher = {ACM},
 address = {New York, NY, USA},
 keywords = {dynamic analysis, specification inference, temporal properties},
} 

@inproceedings{weimer-tacas2005,
 author = {Weimer, Westley and Necula, George C.},
 title = {Mining Temporal Specifications for Error Detection},
 booktitle = {Proceedings of the 11th International Conference on Tools and Algorithms for the Construction and Analysis of Systems},
 series = {TACAS'05},
 year = {2005},
 isbn = {3-540-25333-5, 978-3-540-25333-4},
 location = {Edinburgh, UK},
 pages = {461--476},
 numpages = {16},
 url = {http://dx.doi.org/10.1007/978-3-540-31980-1_30},
 doi = {10.1007/978-3-540-31980-1_30},
 acmid = {2140693},
 publisher = {Springer-Verlag},
 address = {Berlin, Heidelberg},
} 

@inproceedings{ramanathan-icse2007,
 author = {Ramanathan, Murali Krishna and Grama, Ananth and Jagannathan, Suresh},
 title = {Path-Sensitive Inference of Function Precedence Protocols},
 booktitle = {Proceedings of the 29th International Conference on Software Engineering},
 series = {ICSE '07},
 year = {2007},
 isbn = {0-7695-2828-7},
 pages = {240--250},
 numpages = {11},
 url = {http://dx.doi.org/10.1109/ICSE.2007.63},
 doi = {10.1109/ICSE.2007.63},
 acmid = {1248857},
 publisher = {IEEE Computer Society},
 address = {Washington, DC, USA},
} 

@inproceedings{engler-sosp2001,
 author = {Engler, Dawson and Chen, David Yu and Hallem, Seth and Chou, Andy and Chelf, Benjamin},
 title = {Bugs As Deviant Behavior: A General Approach to Inferring Errors in Systems Code},
 booktitle = {Proceedings of the Eighteenth ACM Symposium on Operating Systems Principles},
 series = {SOSP '01},
 year = {2001},
 isbn = {1-58113-389-8},
 location = {Banff, Alberta, Canada},
 pages = {57--72},
 numpages = {16},
 url = {http://doi.acm.org/10.1145/502034.502041},
 doi = {10.1145/502034.502041},
 acmid = {502041},
 publisher = {ACM},
 address = {New York, NY, USA},
} 

@inproceedings{vallee1999soot,
  title={Soot : Java bytecode optimization framework},
  author={Vall{\'e}e-Rai, Raja and Co, Phong and Gagnon, Etienne and Hendren, Laurie and Lam, Patrick and Sundaresan, Vijay},
  booktitle={Proceedings of the 1999 conference of the Centre for Advanced Studies on Collaborative research},
  pages={13},
  year={1999},
  organization={IBM Press}
} 

@inproceedings{findbugs-paste2007,
 author = {Ayewah, Nathaniel and Pugh, William and Morgenthaler, J. David and Penix, John and Zhou, YuQian},
 title = {Evaluating Static Analysis Defect Warnings on Production Software},
 booktitle = {Proceedings of the 7th ACM SIGPLAN-SIGSOFT Workshop on Program Analysis for Software Tools and Engineering},
 series = {PASTE '07},
 year = {2007},
 isbn = {978-1-59593-595-3},
 location = {San Diego, California, USA},
 pages = {1--8},
 numpages = {8},
 url = {http://doi.acm.org/10.1145/1251535.1251536},
 acmid = {1251536},
 publisher = {ACM},
 address = {New York, NY, USA},
 keywords = {FindBugs, Java, bug patterns, bugs, false positives, software defects, software quality, static analysis},
} 

@INPROCEEDINGS{bourdoncle93,
    author = {FranÃ§ois Bourdoncle},
    title = {{Efficient Chaotic Iteration Strategies With Widenings}},
    booktitle = {Proceedings of the International Conference on Formal Methods in Programming and their Applications},
    year = {1993},
    pages = {128--141},
    publisher = {Springer-Verlag}
} 

@inproceedings{livshits2005dynamine,
  title={DynaMine: finding common error patterns by mining software revision histories},
  author={Livshits, Benjamin and Zimmermann, Thomas},
  booktitle={ACM SIGSOFT Software Engineering Notes},
  volume={30},
  number={5},
  pages={296--305},
  year={2005},
  organization={ACM}
}

@inproceedings{livshits2005finding,
  title={Finding Security Vulnerabilities in Java Applications with Static Analysis.},
  author={Livshits, V Benjamin and Lam, Monica S},
  booktitle={USENIX Security Symposium},
  volume={14},
  pages={18--18},
  year={2005}
}

@article{cpminer,
 author = {Zhenmin Li and Shan Lu and Suvda Myagmar},
 title = {{CP-Miner: Finding Copy-Paste and Related Bugs in Large-Scale Software Code}},
 journal = {IEEE Trans. Softw. Eng.},
 volume = {32},
 number = {3},
 year = {2006},
 pages = {176--192},
 publisher = {IEEE CS Press},
}

@inproceedings{thummalapenta2009alattin,
  title={Alattin: Mining alternative patterns for detecting neglected conditions},
  author={Thummalapenta, Suresh and Xie, Tao},
  booktitle={Proceedings of the 2009 IEEE/ACM International Conference on Automated Software Engineering},
  pages={283--294},
  year={2009},
  organization={IEEE Computer Society}
}

@inproceedings{must-alias,
 author = {Jagannathan, Suresh and Thiemann, Peter and Weeks, Stephen and Wright, Andrew},
 title = {{Single and Loving It: Must-alias Analysis for Higher-order Languages}},
 booktitle = {Proceedings of the 25th ACM SIGPLAN-SIGACT Symposium on Principles of Programming Languages},
 series = {POPL '98},
 year = {1998},
 isbn = {0-89791-979-3},
 location = {San Diego, California, USA},
 pages = {329--341},
 numpages = {13},
 url = {http://doi.acm.org/10.1145/268946.268973},
 doi = {10.1145/268946.268973},
 acmid = {268973},
 publisher = {ACM},
 address = {New York, NY, USA},
} 
@inproceedings{upadhyaya2017accelerating,
  title={On accelerating ultra-large-scale mining},
  author={Upadhyaya, Ganesha and Rajan, Hridesh},
  booktitle={Proceedings of the 39th International Conference on Software Engineering: New Ideas and Emerging Results Track},
  pages={39--42},
  year={2017},
  organization={IEEE Press}
}
@inproceedings{dyer2013declarative,
  title={Declarative visitors to ease fine-grained source code mining with full history on billions of AST nodes},
  author={Dyer, Robert and Rajan, Hridesh and Nguyen, Tien N},
  booktitle={ACM SIGPLAN Notices},
  volume={49},
  number={3},
  pages={23--32},
  year={2013},
  organization={ACM}
}
@inproceedings{choi1993efficient,
  title={Efficient flow-sensitive interprocedural computation of pointer-induced aliases and side effects},
  author={Choi, Jong-Deok and Burke, Michael and Carini, Paul},
  booktitle={Proceedings of the 20th ACM SIGPLAN-SIGACT symposium on Principles of programming languages},
  pages={232--245},
  year={1993},
  organization={ACM}
}
@article{blume1996parallel,
  title={Parallel programming with Polaris},
  author={Blume, William and Doallo, Ramon and Eigenmann, Rudolf and Grout, John and Hoeflinger, Jay and Lawrence, Thomas},
  journal={Computer},
  volume={29},
  number={12},
  pages={78--82},
  year={1996},
  publisher={IEEE}
}